@article{znswxxh,
  title={智慧水务信息化建设规划与实践},
  author={刘冠乔},
  journal={水利电力技术与应用},
  volume={3},
  number={9},
  year={2021}
}
